@book{lauwens2019think,
  title={Think Julia: how to think like a computer scientist},
  author={Lauwens, Ben and Downey, Allen B},
  year={2019},
  publisher={O'Reilly Media}
}