@book{gratzer2007more,
  title={More Math into},
  author={Gr{\"a}tzer, George},
  year={2007},
  publisher={Springer}
}

@book{downes2002short,
  title={Short math guide for LATEX},
  author={Downes, Michael},
  year={2002},
  publisher={American Mathematical Society}
}

@book{stewart2013calculo,
  title={C{\'a}lculo volume 2},
  author={Stewart, James},
  year={2013},
  publisher={2013}
}